
% relate work






% image
@article{He2016DeepRL,
  title={Deep Residual Learning for Image Recognition},
  author={Kaiming He and Xiangyu Zhang and Shaoqing Ren and Jian Sun},
  journal={2016 IEEE Conference on Computer Vision and Pattern Recognition (CVPR)},
  year={2016},
  pages={770-778}
}

% speech recognition
@article{Chan2016ListenAA,
  title={Listen, attend and spell: A neural network for large vocabulary conversational speech recognition},
  author={William Chan and Navdeep Jaitly and Quoc V. Le and Oriol Vinyals},
  journal={2016 IEEE International Conference on Acoustics, Speech and Signal Processing (ICASSP)},
  year={2016},
  pages={4960-4964}
}


% language
@article{Bahdanau2014NeuralMT,
  title={Neural Machine Translation by Jointly Learning to Align and Translate},
  author={Dzmitry Bahdanau and Kyunghyun Cho and Yoshua Bengio},
  journal={CoRR},
  year={2014},
  volume={abs/1409.0473}
}
@article{Vinyals2015ANC,
  title={A Neural Conversational Model},
  author={Oriol Vinyals and Quoc V. Le},
  journal={CoRR},
  year={2015},
  volume={abs/1506.05869}
}

% SNLI
@inproceedings{Bowman2015ALA,
  title={A large annotated corpus for learning natural language inference},
  author={Samuel R. Bowman and Gabor Angeli and Christopher Potts and Christopher D. Manning},
  booktitle={EMNLP},
  year={2015}
}

% definition of NLI
@inproceedings{Marelli2014ASC,
  title={A SICK cure for the evaluation of compositional distributional semantic models},
  author={Marco Marelli and Stefano Menini and Marco Baroni and Luisa Bentivogli and Raffaella Bernardi and Roberto Zamparelli},
  booktitle={LREC},
  year={2014}
}
@inproceedings{Marneffe2008FindingCI,
  title={Finding Contradictions in Text},
  author={Marie-Catherine de Marneffe and Anna N. Rafferty and Christopher D. Manning},
  booktitle={ACL},
  year={2008}
}

% seq2seq
@inproceedings{Sutskever2014SequenceTS,
  title={Sequence to Sequence Learning with Neural Networks},
  author={Ilya Sutskever and Oriol Vinyals and Quoc V. Le},
  booktitle={NIPS},
  year={2014}
}

% hu
@article{Hu2016HarnessingDN,
  title={Harnessing Deep Neural Networks with Logic Rules},
  author={Zhiting Hu and Xuezhe Ma and Zhengzhong Liu and Eduard H. Hovy and Eric P. Xing},
  journal={CoRR},
  year={2016},
  volume={abs/1603.06318}
}
@inproceedings{Hu2016DeepNN,
  title={Deep Neural Networks with Massive Learned Knowledge},
  author={Zhiting Hu and Zichao Yang and Ruslan Salakhutdinov and Eric P. Xing},
  booktitle={EMNLP},
  year={2016}
}

% theorem proving
@inproceedings{Bos2005RecognisingTE,
  title={Recognising Textual Entailment with Robust Logical Inference},
  author={Johan Bos and Katja Markert},
  booktitle={MLCW},
  year={2005}
}
@inproceedings{Abzianidze2017APL,
  title={A Pure Logic-Based Approach to Natural Reasoning},
  author={Lasha Abzianidze},
  year={2017}
}
@inproceedings{Chang1973SymbolicLA,
  title={Symbolic logic and mechanical theorem proving},
  author={Chin-Liang Chang and Richard C. T. Lee},
  booktitle={Computer science classics},
  year={1973}
}

%natural logic
@inproceedings{MacCartney2007NaturalLF,
  title={Natural Logic for Textual Inference},
  author={Bill MacCartney and Christopher D. Manning},
  booktitle={ACL-PASCAL@ACL},
  year={2007}
}
@inproceedings{Angeli2014NaturalLINL,
  title={NaturalLI: Natural Logic Inference for Common Sense Reasoning},
  author={Gabor Angeli and Christopher D. Manning},
  booktitle={EMNLP},
  year={2014}
}

% multi nli
@inproceedings{Nangia2017TheR2,
  title={The RepEval 2017 Shared Task: Multi-Genre Natural Language Inference with Sentence Representations},
  author={Nikita Nangia and Adina Williams and Angeliki Lazaridou and Samuel R. Bowman},
  booktitle={RepEval@EMNLP},
  year={2017}
}

% sentence encoding model
@inproceedings{Conneau2017SupervisedLO,
  title={Supervised Learning of Universal Sentence Representations from Natural Language Inference Data},
  author={Alexis Conneau and Douwe Kiela and Holger Schwenk and Lo{\"i}c Barrault and Antoine Bordes},
  booktitle={EMNLP},
  year={2017}
}
@article{Yu2017NeuralSE,
  title={Neural Semantic Encoders},
  author={Hong Yu and Tsendsuren Munkhdalai},
  journal={Proceedings of the conference. Association for Computational Linguistics. Meeting},
  year={2017},
  volume={1},
  pages={397-407}
}
@inproceedings{Chen2017RecurrentNN,
  title={Recurrent Neural Network-Based Sentence Encoder with Gated Attention for Natural Language Inference},
  author={Qian Chen and Xiao-Dan Zhu and Zhen-Hua Ling and Si Wei and Hui Jiang and Diana Inkpen},
  booktitle={RepEval@EMNLP},
  year={2017}
}
@article{Shen2017DiSAN,
  title={DiSAN: Directional Self-Attention Network for RNN/CNN-free Language Understanding},
  author={Shen, Tao and Zhou, Tianyi and Long, Guodong and Jiang, Jing and Pan, Shirui and Zhang, Chengqi},
  year={2017},
}
%Learning to Compose Task-Specific Tree Structures
@inproceedings{Choi2017LearningTC,
  title={Learning to Compose Task-Specific Tree Structures},
  author={Jihun Choi and Kang Min Yoo and Sang-goo Lee},
  year={2017}
}

% interaction model
@inproceedings{Sha2016ReadingAT,
  title={Reading and Thinking: Re-read LSTM Unit for Textual Entailment Recognition},
  author={Lei Sha and Baobao Chang and Zhifang Sui and Sujian Li},
  booktitle={COLING},
  year={2016}
}
@article{Wang2017Bilateral,
  title={Bilateral Multi-Perspective Matching for Natural Language Sentences},
  author={Wang, Zhiguo and Hamza, Wael and Florian, Radu},
  year={2017},
}
%Enhanced LSTM for Natural Language Inference
@inproceedings{chen2017enhanced,
  title={Enhanced lstm for natural language inference},
  author={Chen, Qian and Zhu, Xiaodan and Ling, Zhen-Hua and Wei, Si and Jiang, Hui and Inkpen, Diana},
  booktitle={Proceedings of the 55th Annual Meeting of the Association for Computational Linguistics (Volume 1: Long Papers)},
  volume={1},
  pages={1657--1668},
  year={2017}
}
%gong
%Natural Language Inference over Interaction Space
@article{yichen2018nli,
  title={Natural Language Inference over Interaction Space},
  author={Jian, Zhang and Yichen, Gong and Heng, Luo},
  journal={International Conference on Learning Representations},
  year={2018}
}

%densenet
@article{Huang2017DenselyCC,
  title={Densely Connected Convolutional Networks},
  author={Gao Huang and Zhuang Liu and Laurens van der Maaten and Kilian Q. Weinberger},
  journal={2017 IEEE Conference on Computer Vision and Pattern Recognition (CVPR)},
  year={2017},
  pages={2261-2269}
}

% semantic knowledge
@inproceedings{Yang2017LeveragingKB,
  title={Leveraging Knowledge Bases in LSTMs for Improving Machine Reading},
  author={Bishan Yang and Tom M. Mitchell},
  booktitle={ACL},
  year={2017}
}
@inproceedings{Shi2016KnowledgeBasedSE,
  title={Knowledge-Based Semantic Embedding for Machine Translation},
  author={Chen Shi and Shujie Liu and Shuo Ren and Shi Feng and Mu Li and Ming Zhou and Xu Sun and Houfeng Wang},
  booktitle={ACL},
  year={2016}
}

% nli external
@article{Chen2017NaturalLI,
  title={Natural Language Inference with External Knowledge},
  author={Qian Chen and Xiao-Dan Zhu and Zhen-Hua Ling and Diana Inkpen and Si Wei},
  journal={CoRR},
  year={2017},
  volume={abs/1711.04289}
}

% linguistic knowledge
@inproceedings{Ma2015DependencybasedCN,
  title={Dependency-based Convolutional Neural Networks for Sentence Embedding},
  author={Mingbo Ma and Liang Huang and Bowen Zhou and Bing Xiang},
  booktitle={ACL},
  year={2015}
}
@inproceedings{Mou2016NaturalLI,
  title={Natural Language Inference by Tree-Based Convolution and Heuristic Matching},
  author={Lili Mou and Rui Men and Ge Li and Yan Xu and Lu Zhang and Rui Yan and Zhi Jin},
  booktitle={ACL},
  year={2016}
}

%logic knowledge
@article{Xu2017ASL,
  title={A Semantic Loss Function for Deep Learning with Symbolic Knowledge},
  author={Jingyi Xu and Zilu Zhang and Tal Friedman and Yitao Liang and Guy Van den Broeck},
  journal={CoRR},
  year={2017},
  volume={abs/1711.11157}
}

%transE
@inproceedings{Lin2015LearningEA,
  title={Learning Entity and Relation Embeddings for Knowledge Graph Completion},
  author={Yankai Lin and Zhiyuan Liu and Maosong Sun and Yang Liu and Xuan Zhu},
  booktitle={AAAI},
  year={2015}
}
@inproceedings{Bordes2013TranslatingEF,
  title={Translating Embeddings for Modeling Multi-relational Data},
  author={Antoine Bordes and Nicolas Usunier and Alberto Garc{\'i}a-Dur{\'a}n and Jason Weston and Oksana Yakhnenko},
  booktitle={NIPS},
  year={2013}
}

% RvNN
@inproceedings{Bowman2014RecursiveNN,
  title={Recursive Neural Networks Can Learn Logical Semantics},
  author={Samuel R. Bowman and Christopher Potts and Christopher D. Manning},
  year={2014}
}
@inproceedings{Socher2012SemanticCT,
  title={Semantic Compositionality through Recursive Matrix-Vector Spaces},
  author={Richard Socher and Brody Huval and Christopher D. Manning and Andrew Y. Ng},
  booktitle={EMNLP-CoNLL},
  year={2012}
}

% distill
@article{Hinton2015DistillingTK,
  title={Distilling the Knowledge in a Neural Network},
  author={Geoffrey E. Hinton and Oriol Vinyals and Jeffrey Dean},
  journal={CoRR},
  year={2015},
  volume={abs/1503.02531}
}
@article{LopezPaz2015UnifyingDA,
  title={Unifying distillation and privileged information},
  author={David Lopez-Paz and L{\'e}on Bottou and Bernhard Sch{\"o}lkopf and Vladimir Vapnik},
  journal={CoRR},
  year={2015},
  volume={abs/1511.03643}
}

%adadelta
@article{Zeiler2012ADADELTAAA,
  title={ADADELTA: An Adaptive Learning Rate Method},
  author={Matthew D. Zeiler},
  journal={CoRR},
  year={2012},
  volume={abs/1212.5701}
}

% glove
@inproceedings{Pennington2014GloveGV,
  title={Glove: Global Vectors for Word Representation},
  author={Jeffrey Pennington and Richard Socher and Christopher D. Manning},
  booktitle={EMNLP},
  year={2014}
}

